
@misc{RaspberryPi3,
	title = {Teach, Learn, and Make with Raspberry Pi.},
	url = {https://www.raspberrypi.org/},
	language = {English},
	urldate = {2017-03-23},
	author = {RASPBERRY PI FOUNDATION.},
}

@misc{OpenHab,
	title = {OpenHab, Empowering the Smart Home.},
	url = {http://www.openhab.org/},
	language = {English},
	urldate = {2017-03-23},
	author = {openHAB Foundation e.V.},
}

